<record><leader>00000cas a22000007a 4500</leader><controlfield tag="001">33141870</controlfield><controlfield tag="008">950915d19311931azuwr ne      0    0eng d</controlfield><datafield ind1=" " ind2=" " tag="010"><subfield code="a">sn 95060574 </subfield></datafield><datafield ind1=" " ind2=" " tag="040"><subfield code="a">ANN</subfield><subfield code="b">eng</subfield><subfield code="c">ANN</subfield><subfield code="d">OCLCQ</subfield><subfield code="d">OCLCF</subfield><subfield code="d">OCLCO</subfield></datafield><datafield ind1=" " ind2=" " tag="019"><subfield code="a">33141935</subfield></datafield><datafield ind1="1" ind2=" " tag="029"><subfield code="a">AU@</subfield><subfield code="b">000011994109</subfield></datafield><datafield ind1=" " ind2=" " tag="042"><subfield code="a">msc</subfield></datafield><datafield ind1=" " ind2=" " tag="043"><subfield code="a">n-us-az</subfield></datafield><datafield ind1="0" ind2="0" tag="245"><subfield code="a">Somerton tribune and Yuma County farmer.</subfield></datafield><datafield ind1="1" ind2="3" tag="246"><subfield code="a">Yuma County farmer and Somerton tribune</subfield><subfield code="f">Aug. 21-Dec. 25, 1931</subfield></datafield><datafield ind1="0" ind2="0" tag="246"><subfield code="a">Somerton tribune</subfield></datafield><datafield ind1="0" ind2="0" tag="246"><subfield code="a">Yuma County farmer</subfield></datafield><datafield ind1="1" ind2=" " tag="246"><subfield code="i">Includes:</subfield><subfield code="a">Wellton tribune</subfield></datafield><datafield ind1=" " ind2=" " tag="260"><subfield code="a">Somerton, Ariz. :</subfield><subfield code="b">S. Schaeffer and D.M. Knapp,</subfield><subfield code="c">1931.</subfield></datafield><datafield ind1=" " ind2=" " tag="300"><subfield code="a">v.</subfield></datafield><datafield ind1=" " ind2=" " tag="310"><subfield code="a">Weekly</subfield></datafield><datafield ind1="0" ind2=" " tag="362"><subfield code="a">Vol. 1, no. 1 (July 3, 1931)-v. 1, no. 26 (Dec. 25, 1931).</subfield></datafield><datafield ind1=" " ind2="0" tag="651"><subfield code="a">Somerton (Ariz.)</subfield><subfield code="v">Newspapers.</subfield></datafield><datafield ind1=" " ind2="0" tag="651"><subfield code="a">Wellton (Ariz.)</subfield><subfield code="v">Newspapers.</subfield></datafield><datafield ind1=" " ind2="0" tag="651"><subfield code="a">Yuma County (Ariz.)</subfield><subfield code="v">Newspapers.</subfield></datafield><datafield ind1=" " ind2="7" tag="655"><subfield code="a">Newspapers.</subfield><subfield code="2">fast</subfield><subfield code="0">(OCoLC)fst01423814</subfield></datafield><datafield ind1=" " ind2="7" tag="651"><subfield code="a">Arizona</subfield><subfield code="z">Somerton.</subfield><subfield code="2">fast</subfield><subfield code="0">(OCoLC)fst01254100</subfield></datafield><datafield ind1=" " ind2="7" tag="651"><subfield code="a">Arizona</subfield><subfield code="z">Wellton.</subfield><subfield code="2">fast</subfield><subfield code="0">(OCoLC)fst01293932</subfield></datafield><datafield ind1=" " ind2="7" tag="651"><subfield code="a">Arizona</subfield><subfield code="z">Yuma County.</subfield><subfield code="2">fast</subfield><subfield code="0">(OCoLC)fst01214073</subfield></datafield><datafield ind1=" " ind2=" " tag="752"><subfield code="a">United States</subfield><subfield code="b">Arizona</subfield><subfield code="c">Yuma</subfield><subfield code="d">Somerton.</subfield></datafield></record>